% Abstract
@article{mckeen2013sgx,
  title={Innovative instructions and software model for isolated execution},
  author={McKeen, Frank and Alexandrovich, Ilya and Berenzon, Alex and Rozas,
          Carlos V and Shafi, Hisham and Shanbhogue, Vedvyas and Savagaonkar,
          Uday R},
  journal={HASP},
  volume={13},
  pages={10},
  year={2013}
}
@inproceedings{anati2013sgx,
  title={Innovative Technology for CPU Based Attestation and Sealing},
  author={Anati, Ittai and Gueron, Shay and Johnson, Simon P and Scarlata,
          Vincent R},
  booktitle={Proceedings of the 2nd International Workshop on Hardware and
             Architectural Support for Security and Privacy, HASP},
  volume={13},
  year={2013}
}
@inproceedings{hoekstra2013sgx,
  title={Using innovative instructions to create trustworthy software
         solutions},
  author={Hoekstra, Matthew and Lal, Reshma and Pappachan, Pradeep and Phegade,
          Vinay and Del Cuvillo, Juan},
  booktitle={Proceedings of the 2nd International Workshop on Hardware and
             Architectural Support for Security and Privacy, HASP},
  volume={13},
  year={2013}
}
@manual{intel2013sgxmanual,
  title={Software Guard Extensions Programming Reference},
  organization={Intel Corporation},
  year={2013},
  note={Reference no. 329298-001US}
}
@manual{intel2014sgx2manual,
  title={Software Guard Extensions Programming Reference},
  organization={Intel Corporation},
  year={2014},
  note={Reference no. 329298-002US}
}
@misc{intel2013patent1,
  title={Method and apparatus to provide secure application execution},
  author={McKeen, Francis X and Rozas, Carlos V and Savagaonkar, Uday R and
          Johnson, Simon P and Scarlata, Vincent and Goldsmith, Michael A and
          Brickell, Ernie and Li, Jiang Tao and Herbert, Howard C and Dewan,
          Prashant and others},
  year={2013},
  note={US Patent App. 13/802,272}
}
@misc{intel2013patent2,
  title={Technique for supporting multiple secure enclaves},
  author={Johnson, Simon P and Savagaonkar, Uday R and Scarlata, Vincent R and
          McKeen, Francis X and Rozas, Carlos V},
  year={2013},
  note={US Patent App. 13/838,237}
}
@misc{intel2014patent3,
  title={Paging in secure enclaves},
  author={McKeen, F.X. and Goldsmith, M.A. and Huntley, B.E. and Johnson, S.P.
          and Leslie, R. and Rozas, C.V. and Savagaonkar, U.R. and Scarlata,
          V.R. and Shanbhogue, V. and Smith, W.H. and others},
  year={2014},
  note={US Patent App. 13/729,277}
}
@misc{intel2014patent4,
  title={Memory management in secure enclaves},
  author={Leslie, R. and Rozas, C.V. and Scarlata, V.R. and Johnson, S.P. and
          Savagaonkar, U.R. and Huntley, B.E. and Shanbhogue, V. and Anati,
          I. and McKeen, F.X. and Goldsmith, M.A. and others},
  year={2014},
  note={US Patent App. 13/729,371}
}

% Overview
@phdthesis{gentry2009fhe,
  title={A fully homomorphic encryption scheme},
  author={Gentry, Craig},
  year={2009},
  school={Stanford University}
}
@inproceedings{naehrig2011can,
  title={Can homomorphic encryption be practical?},
  author={Naehrig, Michael and Lauter, Kristin and Vaikuntanathan, Vinod},
  booktitle={Proceedings of the 3rd ACM workshop on Cloud computing security workshop},
  pages={113--124},
  year={2011},
  organization={ACM}
}
@misc{grawrock2003tpm,
	author={Trusted Computing Group},
	title={TPM Main Specification},
	howpublished={\url{http://www.trustedcomputinggroup.org/resources/tpm\_main\_specification}},
	year={2003},
}
@book{grawrock2009txt,
  title={Dynamics of a Trusted Platform: A building block approach},
  author={Grawrock, David},
  year={2009},
  publisher={Intel Press}
}
@article{uhlig2005vmx,
  title={Intel virtualization technology},
  author={Uhlig, Rich and Neiger, Gil and Rodgers, Dion and Santoni, Amy L and
          Martins, Fernando CM and Anderson, Andrew V and Bennett, Steven M and
          Kagi, Alain and Leung, Felix H and Smith, Larry},
  journal={Computer},
  volume={38},
  number={5},
  pages={48--56},
  year={2005},
  publisher={IEEE}
}

% Background: Introduction.
@manual{intel2015sdm,
  title={Intel{\textregistered} 64 and IA-32 Architectures Software Developer's
         Manual},
  organization={Intel Corporation},
  year={2015},
  month={Apr},
  note={Reference no. 325462-054US}
}

% Background: SMM
@article{duflot2006smm,
  title={Using CPU system management mode to circumvent operating system
         security functions},
  author={Duflot, Lo{\"\i}c and Etiemble, Daniel and Grumelard, Olivier},
  journal={CanSecWest/core06},
  year={2006}
}
@article{rutkowska2008remap,
  title={Preventing and detecting Xen hypervisor subversions},
  author={Rutkowska, Joanna and Wojtczuk, Rafa{\l}},
  journal={Blackhat Briefings USA},
  year={2008}
}
@article{wojtczuk2009smm,
  title={Attacking SMM memory via Intel CPU cache poisoning},
  author={Wojtczuk, Rafal and Rutkowska, Joanna},
  journal={Invisible Things Lab},
  year={2009}
}
@misc{kallenberg2014smm,
  title={Extreme Privilege Escalation On Windows 8/UEFI Systems},
  author={Kallenberg, Corey and Kovah, Xeno and Butterworth, John and
          Cornwell, Sam},
  year={2014},
  publisher={BlackHat}
}
@article{wecherowski2009smm,
  title={A real SMM rootkit: Reversing and hooking BIOS SMI handlers},
  author={Wecherowski, Filip},
  journal={Phrack Magazine},
  volume={13},
  number={66},
  year={2009}
}
@article{embleton2010smm,
  title={SMM rootkit: a new breed of OS independent malware},
  author={Embleton, Shawn and Sparks, Sherri and Zou, Cliff C},
  journal={Security and Communication Networks},
  year={2010},
  publisher={Wiley Online Library}
}

% Background: Hypervisor.
@inproceedings{zhang2008xen,
  title={Optimizing Xen VMM Based on Intel{\textregistered} Virtualization
         Technology},
  author={Zhang, Xiantao and Dong, Yaozu},
  booktitle={Internet Computing in Science and Engineering, 2008. ICICSE'08.
             International Conference on},
  pages={367--374},
  year={2008},
  organization={IEEE}
}
@article{rosenblum2005virtualization,
  author={Rosenblum, M. and Garfinkel, T.},
  journal={Computer},
  title={Virtual machine monitors: current technology and future trends},
  year={2005},
  month={May},
  volume={38},
  number={5},
  pages={39-47},
}
@misc{cvedetails2014xen,
  title={XEN: CVE security vulnerabilities, versions and detailed reports},
  howpublished="\url{http://www.cvedetails.com/product/23463/XEN-XEN.html?vendor_id=6276}",
  year={2014},
  note={[Online; accessed 27-April-2015]}
}
@inproceedings{mccune2010trustvisor,
  title={TrustVisor: Efficient TCB reduction and attestation},
  author={McCune, Jonathan M and Li, Yanlin and Qu, Ning and Zhou, Zongwei and
          Datta, Anupam and Gligor, Virgil and Perrig, Adrian},
  booktitle={Security and Privacy (SP), 2010 IEEE Symposium on},
  pages={143--158},
  year={2010},
  organization={IEEE}
}
@incollection{vasudevan2010requirements,
  title={Requirements for an integrity-protected hypervisor on the x86 hardware
         virtualized architecture},
  author={Vasudevan, Amit and McCune, Jonathan M and Qu, Ning and Van Doorn,
          Leendert and Perrig, Adrian},
  booktitle={Trust and Trustworthy Computing},
  pages={141--165},
  year={2010},
  publisher={Springer}
}
@article{wojtczuk2009txt,
  title={Attacking intel trusted execution technology},
  author={Wojtczuk, Rafal and Rutkowska, Joanna},
  journal={Black Hat DC},
  year={2009}
}
@article{wojtczuk2009txt2,
  title={Another Way to Circumvent Intel{\textregistered} Trusted Execution
         Technology},
  author={Wojtczuk, Rafal and Rutkowska, Joanna and Tereshkin, Alexander},
  journal={Invisible Things Lab},
  year={2009}
}
@misc{wojtczuk2011txt,
  title={Attacking Intel TXT via SINIT code execution hijacking},
  author={Wojtczuk, Rafal and Rutkowska, Joanna},
  journal={Invisible Things Lab},
  year={2011}
}

% Background: Kernel.
@inproceedings{chen2011linux,
  title={Linux kernel vulnerabilities: State-of-the-art defenses and open
         problems},
  author={Chen, Haogang and Mao, Yandong and Wang, Xi and Zhou, Dong and
          Zeldovich, Nickolai and Kaashoek, M Frans},
  booktitle={Proceedings of the Second Asia-Pacific Workshop on Systems},
  pages={5},
  year={2011},
  organization={ACM}
}
@misc{cvedetails2014linux,
  title={Linux Kernel: CVE security vulnerabilities, versions and detailed
         reports},
  howpublished="\url{http://www.cvedetails.com/product/47/Linux-Linux-Kernel.html?vendor_id=33}",
  year={2014},
  note={[Online; accessed 27-April-2015]}
}

% Background: Address Translation.
@article{jacob1998virtual,
  title={Virtual memory: Issues of implementation},
  author={Jacob, Bruce and Mudge, Trevor},
  journal={Computer},
  volume={31},
  number={6},
  pages={33--43},
  year={1998},
  publisher={IEEE}
}

% Background: Segment Registers.
@article{cnet2005itanium,
  title={Itanium: A cautionary tale},
  author={Shankland, Stephen},
  year={2005},
  month={Dec},
  publisher={CNET News},
  howpublished="\url{http://news.cnet.com/Itanium-A-cautionary-tale/2100-1006_3-5984747.html}",
  note={[Online; accessed 11-February-2015]}
}

% Background: Privilege Level Switching
@inproceedings{liskov1974adt,
  title={Programming with abstract data types},
  author={Liskov, Barbara and Zilles, Stephen},
  booktitle={ACM Sigplan Notices},
  volume={9},
  number={4},
  pages={50--59},
  year={1974},
  organization={ACM}
}

% Background: Computer Map.
@manual{intel2014optimization,
  title={Intel{\textregistered} 64 and IA-32 Architectures Optimization
         Reference Manual},
  organization={Intel Corporation},
  year={2014},
  month={Sep},
  note={Reference no. 248966-030}
}

% Background: Computer Map - Motherboard
@manual{forum2015uefi,
  title={Unified Extensible Firmware Interface Specification, Version 2.5},
  organization={UEFI Forum},
  howpublished="\url{http://www.uefi.org/sites/default/files/resources/UEFI%202_5.pdf}",
  year={2015},
  note={[Online; accessed 1-Jul-2015]}
}
@manual{intel2009qpi,
  title={An Introduction to the Intel{\textregistered} QuickPath Interconnect},
  organization={Intel Corporation},
  year={2010},
  month={Mar},
  note={Reference no. 323535-001}
}
@book{ruan2014intelme,
  title={Platform Embedded Security Technology Revealed},
  author={Ruan, Xiaoyu},
  year={2014},
  publisher={Apress},
  isbn={978-1-4302-6571-9}
}
@article{ververis2010security,
  author={Ververis, Vassilios},
  title={Security Evaluation of Intel's Active Management Technology},
  school={KTH Royal Institute of Technology},
  address={Stockholm, Sweden},
  year={2010}
}
@book{huang2003xbox,
  title={Hacking the Xbox: an Introduction to Reverse Engineering},
  author={Huang, Andrew},
  year={2003},
  publisher={No Starch Press}
}
@article{hotz2010ps3,
  title={PS3 Glitch Hack},
  author={Hotz, George},
  year={2010},
  howpublished="\url{http://www.eurasia.nu/wiki/index.php/PS3_Glitch_Hack}",
  note={[Online; accessed 7-January-2015]}
}
@article{wojtczuk2010bios,
  title={Attacking Intel{\textregistered} BIOS},
  author={Wojtczuk, Rafal and Tereshkin, Alexander},
  journal={Invisible Things Lab},
  year={2010}
}
@article{furtak2014bios,
  title={BIOS and Secure Boot Attacks Uncovered},
  author={Furtak, Andrew and Bulygin, Yuriy and Bazhaniuk, Oleksandr and
          Loucaides, John and Matrosov, Alexander and Gorobets, Mikhail},
  journal={The 10th ekoparty Security Conference},
  year={2014},
  howpublished="\url{http://www.intelsecurity.com/resources/pr-bios-secure-boot-attacks-uncovered.pdf}",
  note={[Online; accessed 22-October-2015]}
}
@mastersthesis{tereshkin2009amt,
  title={Introducing ring-3 rootkits},
  author={Tereshkin, Alexander and Wojtczuk, Rafal},
  journal={Black Hat USA},
  year={2009}
}
@inproceedings{kim2014rowhammer,
  title={Flipping bits in memory without accessing them: An experimental study
         of DRAM disturbance errors},
  author={Kim, Yoongu and Daly, Ross and Kim, Jeremie and Fallin, Chris and
          Lee, Ji Hye and Lee, Donghyuk and Wilkerson, Chris and Lai, Konrad
          and Mutlu, Onur},
  booktitle={Proceeding of the 41st annual International Symposium on Computer
             Architecuture},
  pages={361--372},
  year={2014},
  organization={IEEE Press}
}
@misc{google2015rowhammer,
  title={Exploiting the DRAM rowhammer bug to gain kernel privileges},
  author={Seaborn, Mark and Dullien, Thomas},
  year={2015},
  month={Mar},
  publisher={Google Project Zero},
  howpublished="\url{http://googleprojectzero.blogspot.com/2015/03/exploiting-dram-rowhammer-bug-to-gain.html}",
  note={[Online; accessed 9-March-2015]}
}
@article{gruss2015rowhammer,
  title={Rowhammer. js: A Remote Software-Induced Fault Attack in JavaScript},
  author={Gruss, Daniel and Maurice, Cl{\'e}mentine and Mangard, Stefan},
  journal= {CoRR},
  volume={abs/1507.06955},
  year={2015},
  url={http://arxiv.org/abs/1507.06955},
  year={2015}
}

% Background: Computer Map - Processor
@manual{intel2014datasheet,
  title={Intel{\textregistered} Xeon{\textregistered} Processor E7 v2
         2800/4800/8800 Product Family Datasheet - Volume Two},
  organization={Intel Corporation},
  year={2014},
  month={Mar},
  note={Reference no. 329595-002},
}
@manual{intel2010datasheet,
  title={Intel{\textregistered} Xeon{\textregistered} Processor 7500 Series
         Datasheet - Volume Two},
  organization={Intel Corporation},
  year={2014},
  month={Mar},
  note={Reference no. 329595-002},
}
@manual{intel2014uncore,
  title={Intel{\textregistered} Xeon{\textregistered} Processor E5 v3 Family
         Uncore Performance Monitoring Reference Manual},
  author={Intel Corporation},
  year={2014},
  month={Sep},
  note={Reference no. 331051-001},
}
@manual{intel2012uncore,
  title={Intel{\textregistered} Xeon{\textregistered} Processor E5-2600 Product
         Family Uncore Performance Monitoring Guide},
  organization={Intel Corporation},
  year={2012},
  month={Mar},
  note={Reference no. 327043-001}
}
@manual{intel2010uncore,
  title={Intel{\textregistered} Xeon{\textregistered} Processor 7500 Series
         Uncore Programming Guide},
  organization={Intel Corporation},
  year={2010},
  month={Mar},
  note={Reference no. 323535-001}
}

% Background: Caching.
@article{banescu2011cache,
  title={Cache Timing Attacks},
  author={Banescu, Sebastian},
  year={2011},
  howpublished="\url{http://www.academia.edu/3224323/Cache_Timing_Attacks}",
  note={[Online; accessed 26-January-2014]}
}
@article{smith1982cache,
  title={Cache memories},
  author={Smith, Alan Jay},
  journal={ACM Computing Surveys (CSUR)},
  volume={14},
  number={3},
  pages={473--530},
  year={1982},
  publisher={ACM}
}
@book{patterson2013architecture,
  title={Computer Organization and Design: the hardware/software interface},
  author={Patterson, David A and Hennessy, John L},
  year={2013},
  publisher={Morgan Kaufmann},
  isbn={978-0-12-374750-1}
}
@book{hennessy2012architecture,
  title={Computer Architecture - a Quantitative Approach (5 ed.)},
  author={Hennessy, John L and Patterson, David A},
  year={2012},
  publisher={Mogran Kaufmann},
  isbn={978-0-12-383872-8}
}
@misc{intel2010perfanalysis,
  author={Levinthal, David},
  title={Performance Analysis Guide for Intel{\textregistered} Core i7
         Processor and Intel{\textregistered} Xeon 5500 processors},
  howpublished="\url{https://software.intel.com/sites/products/collateral/hpc/vtune/performance_analysis_guide.pdf}",
  year={2010},
  note={[Online; accessed 26-January-2015]}
}

% Background: Cache Coherence.
@article{goodman2009mesif,
  author={Goodman, J.R. and Hum, H.H.J.},
  title={MESIF: A Two-Hop Cache Coherency Protocol for Point-to-Point Interconnects},
  year={2009},
  howpublished="\url{http://hdl.handle.net/2292/11594}",
}
@article{owens2009tso,
  title={A better x86 memory model: x86-TSO (extended version)},
  author={Owens, Scott and Sarkar, Susmit and Sewell, Peter},
  journal={University of Cambridge, Computer Laboratory, Technical Report},
  number={UCAM-CL-TR-745},
  year={2009}
}
@manual{intel2015datasheet,
  title={Intel{\textregistered} Xeon{\textregistered} Processor E5-1600,
         E5-2400, and E5-2600 v3 Product Family Datasheet - Volume Two},
  organization={Intel Corporation},
  year={2015},
  month={Jan},
  note={Reference no. 330784-002},
}
@inproceedings{yuffe2011sandybridge,
  title={A Fully Integrated Multi-CPU, GPU and Memory Controller 32nm
         processor},
  author={Yuffe, Marcelo and Knoll, Ernest and Mehalel, Moty and Shor, Joseph
          and Kurts, Tsvika},
  booktitle={Solid-State Circuits Conference Digest of Technical Papers
             (ISSCC), 2011 IEEE International},
  pages={264--266},
  year={2011},
  organization={IEEE}
}
@misc{intel2011gdxc,
  title={Generic Debug eXternal Connection (GDXC) for High Integration
         Integrated Circuits},
  author={Kurts, Tsvika and Savransky, Guillermo and Ratner, Jason and Hazan,
          Eilon and Skaba, Daniel and Elmosnino, Sharon and Santhanakrishnan,
          Geeyarpuram N},
  year={2011},
  note={US Patent 8,074,131}
}
@misc{shanbhogue2015gdxcsgx,
  title={Protecting information processing system secrets from debug attacks},
  author={Shanbhogue, V. and Brandt, J.W. and Wiedemeier, J.},
  year={2015},
  note={US Patent 8,955,144}
}

% Background: TLBs
@misc{7zip2014haswell,
  title={7-Zip LZMA Benchmark: Intel Haswell},
  howpublished="\url{http://www.7-cpu.com/cpu/Haswell.html}",
  year={2014},
  note={[Online; accessed 10-Februrary-2015]}
}

% Background: Booting
@manual{intel2010booting,
  title={Minimal Intel{\textregistered} Architecture Boot Loader—Bare Bones
         Functionality Required for Booting an Intel{\textregistered}
         Architecture Platform},
  organization={Intel Corporation},
  year={2010},
  month={Jan},
  note={Reference no. 323246}
}
@misc{reinauer2013fitpatch,
  title={x86 intel: Add Firmware Interface Table support},
  author={Reinauer, Stefan},
  year={2013},
  howpublished="\url{http://review.coreboot.org/#/c/2642/}",
  note={[Online; accessed 2-July-2015]}
}
@misc{intel2012uefihypervisor,
  title={Method and apparatus for sequential hypervisor invocation},
  author={Zimmer, V.J. and Yao, J.},
  year={2012},
  note={US Patent 8,321,931}
}
@misc{datta2013acm,
  title={Technique for providing secure firmware},
  author={Datta, S.M. and Kumar, M.J.},
  year={2013},
  note={US Patent 8,429,418}
}
@misc{qureshi2006fit,
  title={System and Method for Using a Firmware Interface Table to Dynamically
         Load an ACPI SSDT},
  author={Qureshi, S.A. and Nicholes, M.O.},
  year={2006},
  note={US Patent 6,990,576}
}
@manual{intel2010txtlab,
  title={Intel{\textregistered} Trusted Execution Technology
         (Intel{\textregistered} TXT) LAB Handout},
  organization={Intel Corporation},
  year={2010},
  howpublished="\url{http://downloadmirror.intel.com/18931/eng/Intel%20TXT%20LAB%20Handout.pdf}",
  note={[Online; accessed 2-July-2015]}
}
@book{futral2013servertxt,
  title={Intel{\textregistered} Trusted Execution Technology for Server
         Platforms},
  author={Futral, William and Greene, James},
  year={2013},
  publisher={Apress Open}
}
@misc{coreboot2015manual,
  title={Developer Manual},
  author={Coreboot},
  year={2014},
  month={Sep},
  note={[Online; accessed 4-March-2015]}
}

% Background: Microcode.
@article{fog2014microops,
  title={Instruction Tables - Lists of instruction latencies, throughputs and
         micro-operation breakdowns for Intel, AMD and VIA CPUs},
  author={Fog, Agner},
  year={2014},
  month={Dec},
  howpublished="\url{http://www.agner.org/optimize/instruction_tables.pdf}",
  note={[Online; accessed 23-January-2015]}
}
@misc{intel2008genetic,
  title={Genetic algorithm for microcode compression},
  author={Wu, Y. and Breternitz, M.},
  year={2008},
  note={US Patent 7,451,121}
}
@misc{intel2012clusters,
  title={Compressing and accessing a microcode ROM},
  author={Wu, Y. and Kim, S. and Breternitz, M. and Hum, H.},
  year={2012},
  note={US Patent 8,099,587}
}
@misc{intel2014pebs,
  title={Apparatus and method for providing eventing ip and source data address
         in a statistical sampling infrastructure},
  author={Knauth, L.A. and Irelan, P.J.},
  year={2014},
  note={US Patent App. 13/976,613}
}
@misc{intel1997events,
  title={Microprocessor with novel instruction for signaling event occurrence
         and for providing event handling information in response thereto},
  author={Boggs, D.D. and Rodgers, S.D.},
  year={1997},
  note={US Patent 5,625,788}
}
@misc{intel2013scattergather,
  title={Gathering and scattering multiple data elements},
  author={Hughes, C.J. and Chen, Y.K. and Bomb, M. and Brandt, J.W. and
          Buxton, M.J. and Charney, M.J. and Chennupaty, S. and Corbal, J. and
          Dixon, M.G. and Girkar, M.B. and others},
  year={2013},
  note={US Patent 8,447,962}
}
@misc{intel1999events,
  title={Method and apparatus for generating event handler vectors based on
         both operating mode and event type},
  author={Rodgers, S.D. and Vidwans, R. and Huang, J. and Fetterman, M.A. and
          Huck, K.},
  year={1999},
  note={US Patent 5,889,982}
}
@misc{intel1999exceptions,
  title={Exception handling in a processor that performs speculative
         out-of-order instruction execution},
  author={Papworth, D.B. and Hinton, G.J. and Fetterman, M.A. and Colwell, R.P.
          and Glew, A.F.},
  year={1999},
  note={US Patent 5,987,600}
}
@misc{intel2007microstack,
  title={Microinstruction pointer stack including speculative pointers for
         out-of-order execution},
  author={Cornaby, M.P. and Chaffin, B.},
  year={2007},
  note={US Patent 7,231,511}
}
@misc{intel1997microspace,
  title={Method and apparatus for performing operations based upon the
         addresses of microinstructions},
  author={Rodgers, S.D. and Tiruvallur, K.K. and Rhodehamel, M.W. and
          Konigsfeld, K.G. and Glew, A.F. and Akkary, H. and Karnik, M.A. and
          Brayton, J.A.},
  year={1997},
  note={US Patent 5,636,374}
}
@misc{intel2009pipeline,
  title={Dynamically partitioning pipeline resources},
  author={George, R.T. and Brandt, J.W. and Venkatraman, K.S. and Kim, S.P.},
  year={2009},
  note={US Patent 7,552,255}
}
@misc{hildesheim2014ptm,
  title={Apparatus and method for page walk extension for enhanced security
         checks},
  author={Hildesheim, G. and Anati, I. and Shafi, H. and Raikin, S. and
          Gerzon, G. and Savagaonkar, U.R. and Rozas, C.V. and McKeen, F.X. and
          Goldsmith, M.A. and Prashant, D.},
  year={2014},
  note={US Patent App. 13/730,563}
}
@misc{raikin2014tlb,
  title={Apparatus and method for a multiple page size translation lookaside
         buffer (TLB)},
  author={Raikin, S. and Hamama, O. and Chappell, R.S. and Rust, C.B. and
          Luu, H.S. and Ong, L.A. and Hildesheim, G.},
  year={2014},
  note={US Patent App. 13/730,411}
}
@misc{intel1997pmh,
  title={Method and apparatus for performing page table walks in a
         microprocessor capable of processing speculative instructions},
  author={Glew, A. and Hinton, G. and Akkary, H.},
  year={1997},
  note={US Patent 5,680,565}
}
@misc{intel1996dtlb,
  title={Method and apparatus for implementing a non-blocking translation
         lookaside buffer},
  author={Glew, A.F. and Akkary, H. and Colwell, R.P. and Hinton, G.J. and
          Papworth, D.B. and Fetterman, M.A.},
  year={1996},
  note={US Patent 5,564,111}
}
@misc{intel2014gather,
  title={Gather cache architecture},
  author={Raikin, S. and Valentine, R.},
  year={2014},
  note={US Patent 8,688,962}
}
@misc{intel2014vapic,
  title={Enabling virtualization of a processor resource},
  author={Shanbhogue, V. and Robinson, S.J.},
  year={2014},
  note={US Patent 8,806,104}
}
@misc{datta2010trustedboot,
  title={System and method for trusted early boot flow},
  author={Datta, S.M. and Zimmer, V.J. and Rothman, M.A.},
  year={2010},
  note={US Patent 7,752,428}
}
@misc{intel2012patching,
  title={Methods and systems for microcode patching},
  author={Zimmer, V.J. and Robinson, S.H.},
  year={2012},
  note={US Patent 8,296,528}
}
@misc{intel2012ltsx,
  title={Supporting advanced RAS features in a secured computing system},
  author={Natu, M.S. and Datta, S. and Wiedemeier, J. and Vash, J.R. and
          Kottapalli, S. and Bobholz, S.P. and Baum, A.},
  year={2012},
  note={US Patent 8,301,907}
}
@article{chen2014microcode,
  title={Security Analysis of x86 Processor Microcode},
  author={Chen, Daming D and Ahn, Gail-Joon},
  year={2014},
  howpublished="\url{https://www.dcddcc.com/pubs/paper_microcode.pdf}",
  note={[Online; accessed 7-January-2015]}
}
@article{hawkes2012microcode,
  title={Security Analysis of x86 Processor Microcode},
  author={Hawkes, Ben},
  year={2012},
  howpublished="\url{http://inertiawar.com/microcode/}",
  note={[Online; accessed 7-January-2015]}
}
@manual{intel2010errata,
  title={Intel{\textregistered} Core 2 Duo and Intel{\textregistered} Core 2
         Solo Processor for Intel{\textregistered} Centrino{\textregistered}
         Duo Processor Technology Intel{\textregistered}
         Celeron{\textregistered} Processor 500 Series - Specification Update},
  organization={Intel Corporation},
  year={2010},
  month={Dec},
  note={Reference no. 314079-026}
}
@manual{intel2015errata,
  title={Intel{\textregistered} Xeon{\textregistered} Processor 5500 Series -
         Specification Update},
  organization={Intel Corporation},
  year={2015},
  month={2},
  note={Reference no. 321324-018US}
}
@manual{intel2015errata2,
  title={Intel{\textregistered} Xeon{\textregistered} Processor E5 Product
         Family - Specification Update},
  organization={Intel Corporation},
  year={2015},
  month={Jan},
  note={Reference no. 326150-018}
}
@misc{abraham2006repmov,
  title={Time to revisit REP;MOVS - Comment},
  author={Abraham, Seth},
  howpublished="\url{https://software.intel.com/en-us/forums/topic/275765}",
  year={2006},
  month={Aug},
  note={[Online; accessed 23-January-2015]}
}

% Related Work

@article{diffie1976keyexchange,
  title={New directions in cryptography},
  author={Diffie, Whitfield and Hellman, Martin E},
  journal={Information Theory, IEEE Transactions on},
  volume={22},
  number={6},
  pages={644--654},
  year={1976},
  publisher={IEEE}
}
@inproceedings{butterworth2013bios,
  title={Bios chronomancy: Fixing the core root of trust for measurement},
  author={Butterworth, John and Kallenberg, Corey and Kovah, Xeno and
          Herzog, Amy},
  booktitle={Proceedings of the 2013 ACM SIGSAC conference on Computer \&
             Communications Security},
  pages={25--36},
  year={2013},
  organization={ACM}
}


@incollection{bonneau2006aes,
  title={Cache-collision timing attacks against AES},
  author={Bonneau, Joseph and Mironov, Ilya},
  booktitle={Cryptographic Hardware and Embedded Systems-CHES 2006},
  pages={201--215},
  year={2006},
  publisher={Springer}
}
@article{brumley2005rsa,
  title={Remote timing attacks are practical},
  author={Brumley, David and Boneh, Dan},
  journal={Computer Networks},
  volume={48},
  number={5},
  pages={701--716},
  year={2005},
  publisher={Elsevier}
}
@incollection{brumley2011ecc,
  title={Remote timing attacks are still practical},
  author={Brumley, Billy Bob and Tuveri, Nicola},
  booktitle={Computer Security--ESORICS 2011},
  pages={355--371},
  year={2011},
  publisher={Springer}
}

@inproceedings{liu2015llctiming,
  title={Last-Level Cache Side-Channel Attacks are Practical},
  author={Liu, Fangfei and Yarom, Yuval and Ge, Qian and Heiser, Gernot and Lee, Ruby B},
  booktitle={Security and Privacy (SP), 2015 IEEE Symposium on},
  pages={143--158},
  year={2015},
  organization={IEEE}
}
@article{oren2015jstiming,
  title={The Spy in the Sandbox -- Practical Cache Attacks in Javascript},
  author={Oren, Yossef and Kemerlis, Vasileios P and Sethumadhavan, Simha and Keromytis, Angelos D},
  journal={arXiv preprint arXiv:1502.07373},
  year={2015}
}
@article{yarom2013llctiming,
  title={Flush+ Reload: a High Resolution, Low Noise, L3 Cache Side-Channel Attack.},
  author={Yarom, Yuval and Falkner, Katrina E},
  journal={IACR Cryptology ePrint Archive},
  volume={2013},
  pages={448},
  year={2013}
}
@inproceedings{xu2015pagefaults,
  author={Yuanzhong Xu and Weidong Cui and Marcus Peinado},
  booktitle={Proceedings of the 36th IEEE Symposium on Security and Privacy (Oakland)},
  month={May},
  publisher={IEEE – Institute of Electrical and Electronics Engineers},
  title={Controlled-Channel Attacks: Deterministic Side Channels for Untrusted
         Operating Systems},
  year={2015},
}

@article{lie2000xom,
  title={Architectural support for copy and tamper resistant software},
  author={Lie, David and Thekkath, Chandramohan and Mitchell, Mark and
          Lincoln, Patrick and Boneh, Dan and Mitchell, John and
          Horowitz, Mark},
  journal={ACM SIGPLAN Notices},
  volume={35},
  number={11},
  pages={168--177},
  year={2000},
  publisher={ACM}
}
@inproceedings{suh2003aegis,
  title={AEGIS: architecture for tamper-evident and tamper-resistant
         processing},
  author={Suh, G Edward and Clarke, Dwaine and Gassend, Blaise and Van Dijk,
          Marten and Devadas, Srinivas},
  booktitle={Proceedings of the 17th annual international conference on
             Supercomputing},
  pages={160--171},
  year={2003},
  organization={ACM}
}
@inproceedings{fletcher2012ascend,
  title={A secure processor architecture for encrypted computation on untrusted programs},
  author={Fletcher, Christopher W and Dijk, Marten van and Devadas, Srinivas},
  booktitle={Proceedings of the seventh ACM workshop on Scalable trusted computing},
  pages={3--8},
  year={2012},
  organization={ACM}
}
@inproceedings{goldreich1987oram,
  title={Towards a theory of software protection and simulation by oblivious
         RAMs},
  author={Goldreich, Oded},
  booktitle={Proceedings of the nineteenth annual ACM symposium on Theory of
             Computing},
  pages={182--194},
  year={1987},
  organization={ACM}
}

@inproceedings{evtyushkin2014isox,
  title={Iso-X: A flexible architecture for hardware-managed isolated
         execution},
  author={Evtyushkin, Dmitry and Elwell, Jesse and Ozsoy, Meltem and
          Ponomarev, Dmitry and Abu Ghazaleh, Nael and Riley, Ryan},
  booktitle={Microarchitecture (MICRO), 2014 47th Annual IEEE/ACM International
             Symposium on},
  pages={190--202},
  year={2014},
  organization={IEEE}
}
@inproceedings{chhabra2011secureme,
  title={SecureME: a hardware-software approach to full system security},
  author={Chhabra, Siddhartha and Rogers, Brian and Solihin, Yan and
          Prvulovic, Milos},
  booktitle={Proceedings of the international conference on Supercomputing},
  pages={108--119},
  year={2011},
  organization={ACM}
}

@inproceedings{wang2007bscache,
 author={Wang, Zhenghong and Lee, Ruby B.},
 title={New Cache Designs for Thwarting Software Cache-based Side Channel
        Attacks},
 booktitle={Proceedings of the 34th Annual International Symposium on Computer
            Architecture},
 series={ISCA '07},
 year={2007},
 isbn={978-1-59593-706-3},
 location={San Diego, California, USA},
 pages={494--505},
 numpages={12},
}
@inproceedings{liu2014randomfill,
  title={Random Fill Cache Architecture},
  author={Liu, Fangfei and Lee, Ruby B},
  booktitle={Microarchitecture (MICRO), 2014 47th Annual IEEE/ACM International
             Symposium on},
  pages={203--215},
  year={2014},
  organization={IEEE}
}
@inproceedings{kong2008nobscache,
  title={Deconstructing new cache designs for thwarting software cache-based
         side channel attacks},
  author={Kong, Jingfei and Aciicmez, Onur and Seifert, Jean-Pierre and
          Zhou, Huiyang},
  booktitle={Proceedings of the 2nd ACM workshop on Computer security
             architectures},
  pages={25--34},
  year={2008},
  organization={ACM}
}
@article{domnitser2012nomo,
  title={Non-monopolizable caches: Low-complexity mitigation of cache side
         channel attacks},
  author={Domnitser, Leonid and Jaleel, Aamer and Loew, Jason and
          Abu-Ghazaleh, Nael and Ponomarev, Dmitry},
  journal={ACM Transactions on Architecture and Code Optimization (TACO)},
  volume={8},
  number={4},
  pages={35},
  year={2012},
  publisher={ACM}
}

@inproceedings{sanchez2010zcache,
  title={The ZCache: Decoupling ways and associativity},
  author={Sanchez, Daniel and Kozyrakis, Christos},
  booktitle={Microarchitecture (MICRO), 2010 43rd Annual IEEE/ACM International
             Symposium on},
  pages={187--198},
  year={2010},
  organization={IEEE}
}
@inproceedings{sanchez2011vantage,
  title={Vantage: scalable and efficient fine-grain cache partitioning},
  author={Sanchez, Daniel and Kozyrakis, Christos},
  booktitle={ACM SIGARCH Computer Architecture News},
  volume={39},
  number={3},
  pages={57--68},
  year={2011},
  organization={ACM}
}

@inproceedings{klein2009sel4,
  title={seL4: Formal verification of an OS kernel},
  author={Klein, Gerwin and Elphinstone, Kevin and Heiser, Gernot and
          Andronick, June and Cock, David and Derrin, Philip and
          Elkaduwe, Dhammika and Engelhardt, Kai and Kolanski, Rafal and
          Norrish, Michael and others},
  booktitle={Proceedings of the ACM SIGOPS 22nd symposium on Operating systems
             principles},
  pages={207--220},
  year={2009},
  organization={ACM}
}

@misc{nist2014sha1policy,
  title={NIST'S Policy on Hash Functions},
	howpublished={\url{http://csrc.nist.gov/groups/ST/hash/policy.html}},
	year={2014},
  note={[Online; accessed 4-May-2015]}
}
@misc{google2014sha1deprecation,
  title={Gradually sunsetting SHA-1},
  howpublished={\url{http://googleonlinesecurity.blogspot.com/2014/09/gradually-sunsetting-sha-1.html}},
  year={2014},
  note={[Online; accessed 4-May-2015]}
}
@misc{microsoft2014sha1deprecation,
  title={SHA1 Deprecation Policy},
  howpublished={\url{http://blogs.technet.com/b/pki/archive/2013/11/12/sha1-deprecation-policy.aspx}},
  year={2013},
  note={[Online; accessed 4-May-2015]}
}

% Hardware

@article{brickell2009epid,
  title={Enhanced Privacy ID from Bilinear Pairing},
  author={Brickell, Ernie and Li, Jiangtao},
  journal={IACR Cryptology ePrint Archive},
  volume={2009},
  pages={95},
  year={2009}
}
@misc{brickell2014hardening,
  title={Hardening Inter-Device Secure Communication Using Physically
         Unclonable Functions},
  author={Brickell, E. and Li, J.},
  year={2014},
  note={US Patent App. 13/844,559}
}
@misc{gotze2014provisioning,
  title={Secure Provisioning of Secret Keys During Integrated Circuit
         Manufacturing},
  author={Gotze, K.C. and Iovino, G.M. and Li, J.},
  year={2014},
  publisher={Google Patents},
  note={US Patent App. 13/631,512}
}
@misc{gotze2014provisioning2,
  title={Fuse Attestation to Secure the Provisioning of Secret Keys During
         Integrated Circuit Manufacturing},
  author={Gotze, K.C. and Li, J. and Iovino, G.M.},
  year={2014},
  note={US Patent 8,885,819}
}


%%% Unused

@article{riot2009lol,
  title={League of legends},
  author={Riot Games},
  year={2009}
}
@article{blizzard2004wow,
  title={World of WarCraft},
  author={Blizzard Entertainment},
  year={2004}
}
@article{blizzard2010sc2,
  title={StarCraft II},
  author={Blizzard Entertainment},
  year={2010}
}
@article{id2004doom,
  title={Doom III},
  author={id Software},
  year={2004},
}


@mastersthesis{hardy2009cheating,
  title={Cheating in Multiplayer Video Games},
  author={Hardy, Robert Stafford},
  year={2009},
  school={Virginia Polytechnic Institute and State University}
}
@misc{youtube2013lolcheating,
  title={Updated League of Legends Maphack},
  howpublished="\url{http://www.youtube.com/watch?v=tEu7sF0Ei-8}",
  year={2013},
  note={[Online; accessed 21-January-2014]}
}
@misc{youtube2008quake3cheating,
  title={quake 3 aimbot \& wallhack},
  howpublished="\url{https://www.youtube.com/watch?v=Ja_siIwkxPg}",
  year={2008},
  note={[Online; accessed 21-January-2014]}
}
@article{harris2007mod,
  title={Mod Chips and Homebrew: A Recipe for Their Continued Use in the Wake of Sony v. Divineo},
  author={Harris Jr, Phillip A},
  journal={NCJL \& Tech.},
  volume={9},
  pages={113},
  year={2007},
  publisher={HeinOnline}
}

@article{strongin2005trusted,
  title={Trusted computing using AMD “Pacifica” and “Presidio” secure virtual machine technology},
  author={Strongin, Geoffrey},
  journal={Information Security Technical Report},
  volume={10},
  number={2},
  pages={120--132},
  year={2005},
  publisher={Elsevier Advanced Technology}
}
@inproceedings{mckeen2013innovative,
  title={Innovative instructions and software model for isolated execution},
  author={McKeen, Frank and Alexandrovich, Ilya and Berenzon, Alex and Rozas, Carlos V and Shafi, Hisham and Shanbhogue, Vedvyas and Savagaonkar, Uday R},
  booktitle={Proceedings of the 2nd International Workshop on Hardware and Architectural Support for Security and Privacy},
  pages={10},
  year={2013},
  organization={ACM}
}
@incollection{bonneau2006cache,
  title={Cache-collision timing attacks against AES},
  author={Bonneau, Joseph and Mironov, Ilya},
  booktitle={Cryptographic Hardware and Embedded Systems-CHES 2006},
  pages={201--215},
  year={2006},
  publisher={Springer}
}
@article{brumley2005remote,
  title={Remote timing attacks are practical},
  author={Brumley, David and Boneh, Dan},
  journal={Computer Networks},
  volume={48},
  number={5},
  pages={701--716},
  year={2005},
  publisher={Elsevier}
}
@inproceedings{kocher1996timing,
  title={Timing attacks on implementations of Diffie-Hellman, RSA, DSS, and other systems},
  author={Kocher, Paul C},
  booktitle={Advances in Cryptology—CRYPTO’96},
  pages={104--113},
  year={1996},
  organization={Springer}
}

@inproceedings{stefanov2013path,
  title={Path oram: An extremely simple oblivious ram protocol},
  author={Stefanov, Emil and Van Dijk, Marten and Shi, Elaine and Fletcher, Christopher and Ren, Ling and Yu, Xiangyao and Devadas, Srinivas},
  booktitle={Proceedings of the 2013 ACM SIGSAC conference on Computer \& communications security},
  pages={299--310},
  year={2013},
  organization={ACM}
}

@inproceedings{petters1999making,
  title={Making worst case execution time analysis for hard real-time tasks on state of the art processors feasible},
  author={Petters, Stefan M and Farber, Georg},
  booktitle={Real-Time Computing Systems and Applications, 1999. RTCSA'99. Sixth International Conference on},
  pages={442--449},
  year={1999},
  organization={IEEE}
}


@inproceedings{mccune2008flicker,
  title={Flicker: An execution infrastructure for TCB minimization},
  author={McCune, Jonathan M and Parno, Bryan J and Perrig, Adrian and Reiter, Michael K and Isozaki, Hiroshi},
  booktitle={ACM SIGOPS Operating Systems Review},
  volume={42},
  number={4},
  pages={315--328},
  year={2008},
  organization={ACM}
}

@inproceedings{yee2009native,
  title={Native client: A sandbox for portable, untrusted x86 native code},
  author={Yee, Bennet and Sehr, David and Dardyk, Gregory and Chen, J Bradley and Muth, Robert and Ormandy, Tavis and Okasaka, Shiki and Narula, Neha and Fullagar, Nicholas},
  booktitle={Security and Privacy, 2009 30th IEEE Symposium on},
  pages={79--93},
  year={2009},
  organization={IEEE}
}
@inproceedings{sehr2010adapting,
  title={Adapting Software Fault Isolation to Contemporary CPU Architectures.},
  author={Sehr, David and Muth, Robert and Biffle, Cliff and Khimenko, Victor and Pasko, Egor and Schimpf, Karl and Yee, Bennet and Chen, Brad},
  booktitle={USENIX Security Symposium},
  pages={1--12},
  year={2010}
}
@inproceedings{morrisett2012rocksalt,
  title={RockSalt: Better, faster, stronger SFI for the x86},
  author={Morrisett, Greg and Tan, Gang and Tassarotti, Joseph and Tristan, Jean-Baptiste and Gan, Edward},
  booktitle={ACM SIGPLAN Notices},
  volume={47},
  number={6},
  pages={395--404},
  year={2012},
  organization={ACM}
}

@inproceedings{lattner2004llvm,
  title={LLVM: A compilation framework for lifelong program analysis \& transformation},
  author={Lattner, Chris and Adve, Vikram},
  booktitle={Code Generation and Optimization, 2004. CGO 2004. International Symposium on},
  pages={75--86},
  year={2004},
  organization={IEEE}
}
